@article{X13,
  added-at = {2009-10-30T03:47:36.000+0100},
  author = {Michelson, B.M.},
  biburl = {http://www.bibsonomy.org/bibtex/20478a5324dc478053fce758679f727cc/pminervini},
  description = {events},
  interhash = {f26143f085d5816f315b053d7ae0a5ef},
  intrahash = {0478a5324dc478053fce758679f727cc},
  journal = {Patricia Seybold Group, Feb},
  keywords = {EDA architecture event overview},
  timestamp = {2009-10-30T03:47:36.000+0100},
  title = {Event-Driven Architecture Overview},
  year = 2006
}


@ONLINE{StefanNorbergPresentation,
author = {Stefan Norberg},
title = {Event driven architecture presentation},
month = march,
year = {2011},
url = {http://www.slideshare.net/stnor/event-driven-architecture-3395407}
}


@ONLINE{BlogPostSOAEDA,
author = {Jack van Hoof},
title = {How EDA extends SOA and why it is important},
month = december,
year = {2006},
url = {http://soa-eda.blogspot.com.es/2006/11/how-eda-extends-soa-and-why-it-is.html}
}

@ONLINE{Microsoft,
author = {David Chou},
title = {Using Events in Highly Distributed Architectures},
month = october,
year = {2008},
url = {http://msdn.microsoft.com/en-us/library/dd129913.aspx}
}
